@Misc{Fowler12,
author = {Sciences et Avenir},
title = {Facebook envoie les citoyens aux urnes},
month = {Septembre},
year = {2012},
note = {\url{http://sciencesetavenir.nouvelobs.com/fondamental/20120917.OBS2643/facebook-envoie-les-citoyens-aux-urnes.html}}
}
@Misc{SmallWorld,
author = {Wikipedia},
title = {Etude du petit monde},
note = {\url{http://fr.wikipedia.org/wiki/Etude_du_petit_monde}}
}
